<record><leader>00000cas a22000007a 4500</leader><controlfield tag="001">10285299</controlfield><controlfield tag="008">840110d18851888mtuwr ne      0    0eng d</controlfield><datafield ind1=" " ind2=" " tag="010"><subfield code="a">sn 84036005 </subfield></datafield><datafield ind1=" " ind2=" " tag="040"><subfield code="a">MTL</subfield><subfield code="b">eng</subfield><subfield code="c">MTL</subfield><subfield code="d">CNK</subfield><subfield code="d">OCLCQ</subfield></datafield><datafield ind1=" " ind2=" " tag="042"><subfield code="a">msc</subfield></datafield><datafield ind1="0" ind2="0" tag="245"><subfield code="a">Montana stock gazette.</subfield></datafield><datafield ind1=" " ind2=" " tag="260"><subfield code="a">Billings, Mont. :</subfield><subfield code="b">Gazette Pub. Co.,</subfield><subfield code="c">1885-</subfield></datafield><datafield ind1=" " ind2=" " tag="300"><subfield code="a">v. :</subfield><subfield code="b">ill. ;</subfield><subfield code="c">50-55 cm.</subfield></datafield><datafield ind1=" " ind2=" " tag="310"><subfield code="a">Weekly</subfield></datafield><datafield ind1="0" ind2=" " tag="362"><subfield code="a">Vol. 1, no. 1 (May 23, 1885)-</subfield></datafield><datafield ind1="1" ind2=" " tag="362"><subfield code="a">Ceased in Feb. 1888.</subfield><subfield code="z">Cf. An Illustrated history of the Yellowstone Valley.</subfield></datafield><datafield ind1=" " ind2=" " tag="515"><subfield code="a">Some numbering irregularities.</subfield></datafield><datafield ind1=" " ind2=" " tag="580"><subfield code="a">Formed by the union of: Billings herald, Billngs rustler, and Post (Billings, Mont.).</subfield></datafield><datafield ind1=" " ind2=" " tag="752"><subfield code="a">United States</subfield><subfield code="b">Montana</subfield><subfield code="c">Yellowstone</subfield><subfield code="d">Billings.</subfield></datafield><datafield ind1="1" ind2="4" tag="780"><subfield code="t">Billings herald</subfield><subfield code="w">(DLC)sn 84036001</subfield></datafield><datafield ind1="1" ind2="4" tag="780"><subfield code="t">Billings rustler</subfield><subfield code="w">(DLC)sn 84036004</subfield></datafield><datafield ind1="1" ind2="4" tag="780"><subfield code="t">Post (Billings, Mont.)</subfield><subfield code="w">(DLC)sn 84036003</subfield></datafield><datafield ind1="0" ind2="0" tag="785"><subfield code="t">Billings weekly gazette (1888)</subfield></datafield></record>